<record><leader>00000cas a22000007a 4500</leader><controlfield tag="001">12373151</controlfield><controlfield tag="008">850812d18761881nyuwr ne      0    0eng d</controlfield><datafield ind1=" " ind2=" " tag="010"><subfield code="a">sn 85026688 </subfield></datafield><datafield ind1=" " ind2=" " tag="040"><subfield code="a">NPX</subfield><subfield code="b">eng</subfield><subfield code="c">NPX</subfield><subfield code="d">NYG</subfield><subfield code="d">NYS</subfield><subfield code="d">OCLCQ</subfield></datafield><datafield ind1=" " ind2=" " tag="042"><subfield code="a">msc</subfield></datafield><datafield ind1="0" ind2="0" tag="245"><subfield code="a">Columbia Republican. And Hudson weekly star.</subfield></datafield><datafield ind1=" " ind2=" " tag="260"><subfield code="a">Hudson [N.Y.] :</subfield><subfield code="b">Bryan &amp; Goeltz,</subfield><subfield code="c">-1881.</subfield></datafield><datafield ind1=" " ind2=" " tag="300"><subfield code="a">v.</subfield></datafield><datafield ind1=" " ind2=" " tag="310"><subfield code="a">Weekly</subfield></datafield><datafield ind1="1" ind2=" " tag="362"><subfield code="a">Began in 1876.</subfield><subfield code="z">Cf. Columbia Co. at the end of the cent., 1900.</subfield></datafield><datafield ind1="0" ind2=" " tag="362"><subfield code="a">-v. 62, no. 18 (Apr. 28, 1881).</subfield></datafield><datafield ind1=" " ind2=" " tag="500"><subfield code="a">Published by: Wm. Bryan, &lt;1878&gt;.</subfield></datafield><datafield ind1=" " ind2=" " tag="500"><subfield code="a">"Official Paper of the County", &lt;1878&gt;.</subfield></datafield><datafield ind1=" " ind2=" " tag="580"><subfield code="a">Daily eds.: Hudson daily Republican, 1876-1879; and: Hudson Republican (Hudson, N.Y. : 1879), 1879-1881.</subfield></datafield><datafield ind1=" " ind2=" " tag="588"><subfield code="a">Description based on: Vol. 56, no. 22 (June 1, 1876).</subfield></datafield><datafield ind1=" " ind2="4" tag="651"><subfield code="a">Hudson (N.Y.)</subfield><subfield code="v">Newspapers.</subfield></datafield><datafield ind1=" " ind2=" " tag="752"><subfield code="a">United States</subfield><subfield code="b">New York</subfield><subfield code="c">Columbia</subfield><subfield code="d">Hudson.</subfield></datafield><datafield ind1="1" ind2=" " tag="775"><subfield code="t">Hudson daily Republican</subfield><subfield code="w">(DLC)sn 85026689</subfield><subfield code="w">(OCoLC)12373437</subfield></datafield><datafield ind1="1" ind2=" " tag="775"><subfield code="t">Hudson Republican (Hudson, N.Y. : 1879)</subfield><subfield code="w">(DLC)sn 84031401</subfield><subfield code="w">(OCoLC)10929491</subfield></datafield><datafield ind1="0" ind2="4" tag="780"><subfield code="t">Columbia Republican (Hudson, N.Y. : 1843)</subfield><subfield code="w">(DLC)sn 85026690</subfield><subfield code="w">(OCoLC)12373253</subfield></datafield><datafield ind1="0" ind2="4" tag="780"><subfield code="t">Hudson weekly star</subfield><subfield code="w">(DLC)sn 85026692</subfield><subfield code="w">(OCoLC)12373372</subfield></datafield><datafield ind1="0" ind2="0" tag="785"><subfield code="t">Columbia Republican (Hudson, N.Y. : 1881)</subfield><subfield code="w">(DLC)sn 89071100</subfield><subfield code="w">(OCoLC)19056321</subfield></datafield></record>